<record><leader>00000cas a22000007a 4500</leader><controlfield tag="001">15152022</controlfield><controlfield tag="008">870204d18771880lauwr ne      0    0eng d</controlfield><datafield ind1=" " ind2=" " tag="010"><subfield code="a">sn 87090136 </subfield></datafield><datafield ind1=" " ind2=" " tag="040"><subfield code="a">PPM</subfield><subfield code="b">eng</subfield><subfield code="c">PPM</subfield><subfield code="d">LNP</subfield><subfield code="d">OCLCQ</subfield><subfield code="d">DLC</subfield></datafield><datafield ind1=" " ind2=" " tag="042"><subfield code="a">msc</subfield></datafield><datafield ind1="0" ind2=" " tag="130"><subfield code="a">Pelican (Pointe Coupee, La. : 1877)</subfield></datafield><datafield ind1="1" ind2="4" tag="245"><subfield code="a">The Pelican.</subfield></datafield><datafield ind1=" " ind2=" " tag="260"><subfield code="a">Pointe Coupee, La. :</subfield><subfield code="b">Plantevignes</subfield></datafield><datafield ind1=" " ind2=" " tag="310"><subfield code="a">Weekly</subfield></datafield><datafield ind1="1" ind2=" " tag="362"><subfield code="a">Began in 1877? Ceased in 1880?</subfield></datafield><datafield ind1=" " ind2=" " tag="500"><subfield code="a">Published in New Roads, &lt;Jan. 11, 1879&gt;-&lt;Apr. 12, 1879&gt;</subfield></datafield><datafield ind1=" " ind2=" " tag="588"><subfield code="a">Description based on: Vol. 2, no. 22 (June 29, 1878).</subfield></datafield><datafield ind1=" " ind2=" " tag="752"><subfield code="a">United States</subfield><subfield code="b">Louisiana</subfield><subfield code="c">Pointe Coupee</subfield><subfield code="d">Pointe Coupee.</subfield></datafield><datafield ind1=" " ind2=" " tag="752"><subfield code="a">United States</subfield><subfield code="b">Louisiana</subfield><subfield code="c">Pointe Coupee</subfield><subfield code="d">New Roads.</subfield></datafield><datafield ind1="0" ind2="0" tag="780"><subfield code="t">Pointe Coupee Democrat (New Roads, La. : 1858)</subfield><subfield code="x">2378-4415</subfield><subfield code="w">(DLC)sn 86053686</subfield><subfield code="w">(OCoLC)14202096</subfield></datafield><datafield ind1="0" ind2="7" tag="785"><subfield code="t">Pointe Coupee record</subfield></datafield><datafield ind1="0" ind2="7" tag="785"><subfield code="t">Pointe Coupee banner</subfield><subfield code="w">(DLC)sn 88064348</subfield></datafield></record>